@BOOK{Moore:1979:MAI,
  Address =	 {Philadelphia, PA, USA},
  Author =	 {Moore, R. E.},
  Pages =	 {xi + 190},
  Publisher =	 {Society for Industrial and Applied Mathematics},
  Title =	 {Methods and Applications of Interval Analysis},
  Year =	 {1979}
}

@BOOK{vonNeumann:1966:TSR,
  Author =	 {{von Neumann}, J.},
  Editor =	 {Burks, A. W.},
  Pages =	 {xix + 388},
  Title =	 {Theory of Self-Reproducing Automata},
  Year =	 {1966}
}

@online{cloudflare_layers,
	title = {What is the {OSI} Model?},
	url = {https://www.cloudflare.com/learning/ddos/glossary/open-systems-interconnection-model-osi},
	urldate = {2023-4-4},
 year ={2018},
	author = {Cloudflare}
}

@online{imperva,
title = {OSI Model Explained: The OSI 7 Layers},
url = {https://www.imperva.com/learn/application-security/osi-model/},
urldate = {2023-4-4},
year ={2016},
author= {Imperva},
}

@book{kurose,
title = {Computer Networking - A Top-down Approach},
author = {James F. Kurose and Keith W. Ross},
year= {2022},
publisher = {Pearson},
address = {Harlow, Reino Unido},
ISBN = {1-292-40546-5},
}

@INPROCEEDINGS{iot_history,
  author={Suresh, P. and Daniel, J. Vijay and Parthasarathy, V. and Aswathy, R. H.},
  booktitle={2014 International Conference on Science Engineering and Management Research (ICSEMR)}, 
  title={A state of the art review on the Internet of Things (IoT) history, technology and fields of deployment}, 
  year={2014},
  volume={},
  number={},
  pages={1-8},
  doi={10.1109/ICSEMR.2014.7043637}
}

@InProceedings{context_aware_iot,
author="Bang, Ankur O.
and Rao, Udai Pratap",
editor="Goyal, Dinesh
and Chaturvedi, Pradyumn
and Nagar, Atulya K.
and Purohit, S.D.",
title="Context-Aware Computing for IoT: History, Applications and Research Challenges",
booktitle="Proceedings of Second International Conference on Smart Energy and Communication",
year="2021",
publisher="Springer Singapore",
address="Singapore",
pages="719--726",
isbn="978-981-15-6707-0"
}

@Inbook{Sharma2019,
author="Neha Sharma and Madhavi Shamkuwar and Inderjit Singh",
title="The History, Present and Future with IoT",
year="2019",
publisher="Springer International Publishing",
pages="27--51",
isbn="978-3-030-04203-5",
doi="10.1007/978-3-030-04203-5_3",
url="https://doi.org/10.1007/978-3-030-04203-5_3"
}

@online{stuxnet_kaspersky,
	title = {Stuxnet: As Origens},
	url = {https://www.kaspersky.com.br/blog/stuxnet-as-origens/4391/},
	urldate = {2023-4-4},
 year ={2014},
	author = {Kaspersky
}}

@ARTICLE{urban_iot,
  author={Bellavista, Paolo and Cardone, Giuseppe and Corradi, Antonio and Foschini, Luca},
  journal={IEEE Sensors Journal}, 
  title={Convergence of MANET and WSN in IoT Urban Scenarios}, 
  year={2013},
  volume={13},
  number={10},
  pages={3558-3567},
  doi={10.1109/JSEN.2013.2272099}
}

@InProceedings{smart_cities,
author="Schaffers, Hans
and Komninos, Nicos
and Pallot, Marc
and Trousse, Brigitte
and Nilsson, Michael
and Oliveira, Alvaro",
editor="Domingue, John
and Galis, Alex
and Gavras, Anastasius
and Zahariadis, Theodore
and Lambert, Dave
and Cleary, Frances
and Daras, Petros
and Krco, Srdjan
and M{\"u}ller, Henning
and Li, Man-Sze
and Schaffers, Hans
and Lotz, Volkmar
and Alvarez, Federico
and Stiller, Burkhard
and Karnouskos, Stamatis
and Avessta, Susanna
and Nilsson, Michael",
title="Smart Cities and the Future Internet: Towards Cooperation Frameworks for Open Innovation",
booktitle="The Future Internet",
year="2011",
publisher="Springer Berlin Heidelberg",
address="Berlin, Heidelberg",
pages="431--446",
isbn="978-3-642-20898-0"
}

@article{Ibarra-Esquer, title={Tracking the Evolution of the Internet of Things Concept Across Different Application Domains}, volume={17}, ISSN={1424-8220}, url={http://dx.doi.org/10.3390/s17061379}, DOI={10.3390/s17061379}, number={6}, journal={Sensors}, publisher={MDPI AG}, author={Ibarra-Esquer, Jorge and González-Navarro, Félix and Flores-Rios, Brenda and Burtseva, Larysa and Astorga-Vargas, María}, year={2017}, month={Jun}, pages={1379} }

@TECHREPORT{laya,
title = {Who is investing in machine-to-machine communications?},
author = {Laya, Andres and Bratu, Vlad-loan and Markendahl, Jan},
year = {2013},
institution = {International Telecommunications Society (ITS)},
type = {24th European Regional ITS Conference, Florence 2013},
url = {https://EconPapers.repec.org/RePEc:zbw:itse13:88475}
}

@article{ashton,
title = {That 'Internet of Things' thing},
author = {Ashton, Kevin},
journal = {RFiD Journal},
year = {2009},
}

@INPROCEEDINGS{xu,
  author={Zhang, Minghui and Sun, Fuqun and Cheng, Xu},
  title={"Architecture of Internet of Things and Its Key Technology Integration Based-On RFID"}, 
  booktitle={2012 Fifth International Symposium on Computational Intelligence and Design}, 
  year={2012},
  volume={1},
  pages={294-297},
  doi={10.1109/ISCID.2012.81}
}

@article{iot_malware,
title = {A survey of IoT malware and detection methods based on static features},
journal = {ICT Express},
volume = {6},
number = {4},
pages = {280-286},
year = {2020},
issn = {2405-9595},
doi = {https://doi.org/10.1016/j.icte.2020.04.005},
url = {https://www.sciencedirect.com/science/article/pii/S2405959520300503},
author = {Quoc-Dung Ngo and Huy-Trung Nguyen and Van-Hoang Le and Doan-Hieu Nguyen},
}

@article{schiller,
title = {Landscape of IoT security},
journal = {Computer Science Review},
volume = {44},
pages = {100467},
year = {2022},
issn = {1574-0137},
doi = {https://doi.org/10.1016/j.cosrev.2022.100467},
url = {https://www.sciencedirect.com/science/article/pii/S1574013722000120},
author = {Eryk Schiller and Andy Aidoo and Jara Fuhrer and Jonathan Stahl and Michael Ziörjen and Burkhard Stiller},
}

@article{fischer,
  title={Analyzing power consumption of TLS ciphers on an ESP32},
  author={Fischer, Tilo and Linka, Hendrik and Rademacher, Michael and Jonas, Karl and Loebenberger, Daniel},
  journal={crypto day matters 30},
  year={2019},
  publisher={Gesellschaft f{\"u}r Informatik eV/FG KRYPTO}
}

@inproceedings{mqtt,
  title={MQTT-S—A publish/subscribe protocol for Wireless Sensor Networks},
  author={Hunkeler, Urs and Truong, Hong Linh and Stanford-Clark, Andy},
  booktitle={2008 3rd International Conference on Communication Systems Software and Middleware and Workshops (COMSWARE'08)},
  pages={791--798},
  year={2008},
  organization={IEEE}
}

@inproceedings{choice,
  title={Choice of effective messaging protocols for IoT systems: MQTT, CoAP, AMQP and HTTP},
  author={Naik, Nitin},
  booktitle={2017 IEEE international systems engineering symposium (ISSE)},
  pages={1--7},
  year={2017},
  organization={IEEE}
}

@inproceedings{iqbal2018low,
  title={Low-cost and secure communication system for remote micro-grids using AES cryptography on ESP32 with LoRa module},
  author={Iqbal, Amjad and Iqbal, Tariq},
  booktitle={2018 IEEE Electrical Power and Energy Conference (EPEC)},
  pages={1--5},
  year={2018},
  organization={IEEE}
}

@article{o2007toward,
  title={Toward a commodity enterprise middleware: Can AMQP enable a new era in messaging middleware? A look inside standards-based messaging with AMQP},
  author={O'Hara, John},
  journal={Queue},
  volume={5},
  number={4},
  pages={48--55},
  year={2007},
  publisher={ACM New York, NY, USA}
}
